@misc{chinamarket,
	author = {Cui, Chenyu and Harding-Rolls, Piers},
	title = {China - Largest Games Market Continues Its Growth Story},
	howpublished = {\url{https://technology.ihs.com/593405/china-largest-games-market-continues-its-growth-story}},
	note = {Accessed: 13/03/2018},
	year = {2017},
	month = {jun},
}

@inproceedings{qoesmallstudy,
	booktitle = {Norsk informatikkonferanse NIK},
	author = {Villa, Bj√∏rn and De Moor, Katrien and Heegaard, Poul and Instefjord, Anders},
	title = {Investigating Quality of Experience in the context of adaptive video streaming: findings from an experimental user study},
	year = {2013},
	pages={122-133},
	month = {nov},
	url = {https://pdfs.semanticscholar.org/8b3b/58b77047de429219f865ca487b5a8f7d6071.pdf},
	address = {}
}

@ARTICLE{qoelargestudy,
author={D. C. Robinson and Y. Jutras and V. Craciun},
journal={Bell Labs Technical Journal},
title={Subjective video quality assessment of HTTP adaptive streaming technologies},
year={2012},
volume={16},
number={4},
pages={5-23},
keywords={},
doi={10.1002/bltj.20531},
ISSN={1089-7089},
month={March},
url={http://ieeexplore.ieee.org/document/6772102/?section=abstract},
}