===== Existing strategies: ====
@article{
	author = "Smed, Jouni",
	title = "Networking for Computer Games",
	journal = "International Journal of Computer Games Technology",
	year = "2008"
}
Jouni Smed, “Networking for Computer Games,” International Journal of Computer Games Technology, vol. 2008, Article ID 928712, 1 pages, 2008. doi:10.1155/2008/928712
https://www.hindawi.com/journals/ijcgt/2008/928712/

@article{
	author = "Glinka, Frank and Ploss, Alexander and Gorlatch, Sergei and Müller-Iden, Jens",
	title = "High-Level Development of Multiserver Online Games",
	journal = "International Journal of Computer Games Technology",
	year = "2008",
	
}
Frank Glinka, Alexander Ploss, Sergei Gorlatch, and Jens Müller-Iden, “High-Level Development of Multiserver Online Games,” International Journal of Computer Games Technology, vol. 2008, Article ID 327387, 16 pages, 2008. doi:10.1155/2008/327387
https://www.hindawi.com/journals/ijcgt/2008/327387/

===== Past problems: =====
@article{
	author = "Inge Wang, Alf and Jarrett, Margin and Sorteberg, Eivind",
	title = "Experiences from Implementing a Mobile Multiplayer Real-Time Game for Wireless Networks with High Latency",
	journal = "International Journal of Computer Games Technology",
	year = "2009"
}
Alf Inge Wang, Martin Jarrett, and Eivind Sorteberg, “,” International Journal of Computer Games Technology, vol. 2009, Article ID 530367, 14 pages, 2009. doi:10.1155/2009/530367
https://www.hindawi.com/journals/ijcgt/2009/530367/

@article{
	author = "Suznjevic, Mirko and Saldana, Jose and Matijasevic, Maja and Fernández-Navajas, Julián  and Ruiz-Mas, José",
	title = "Analyzing the Effect of TCP and Server Population on Massively Multiplayer Games",
	journal = "International Journal of Computer Games Technology",
	year = "2014",
}
Mirko Suznjevic, Jose Saldana, Maja Matijasevic, Julián Fernández-Navajas, and José Ruiz-Mas, ,” , vol. 2014, Article ID 602403, 17 pages, 2014. doi:10.1155/2014/602403
https://www.hindawi.com/journals/ijcgt/2014/602403/


===== Video encoding =====
https://dl-acm-org.ezproxy.falmouth.ac.uk/citation.cfm?id=2602182
@inproceedings{Koloros:2006:CVC:2602161.2602182,
	author = {Koloros, Martin and \v{Z}\'{a}ra, Jir\'{\i}},
	title = {Coding of Vectorized Cartoon Video Data},
	booktitle = {Proceedings of the 22Nd Spring Conference on Computer Graphics},
	series = {SCCG '06},
	year = {2006},
	isbn = {978-1-4503-2829-6},
	location = {Casta-Papiernicka, Slovakia},
	pages = {175--182 PAGE@7},
	url = {http://doi.acm.org.ezproxy.falmouth.ac.uk/10.1145/2602161.2602182},
	doi = {10.1145/2602161.2602182},
	acmid = {2602182},
	publisher = {ACM},
	address = {New York, NY, USA},
	keywords = {cartoon, compression, shape match, video},
} 